
@article{DBLP:journals/corr/abs-1803-10122,
  author       = {David Ha andJ{\"{u}}rgen Schmidhuber},
  title        = {World Models},
  journal      = {CoRR},
  volume       = {abs/1803.10122},
  year         = {2018},
  url          = {http://arxiv.org/abs/1803.10122},
  eprinttype   = {arXiv},
  eprint       = {1803.10122},
  timestamp    = {Mon, 13 Aug 2018 16:47:30 +0200},
  biburl       = {https://dblp.org/rec/journals/corr/abs-1803-10122.bib},
  bibsource    = {dblp computer science bibliography, https://dblp.org}
}

@article{ctallec-wm,
  author          = {ctallec},
  journal         = {github repo},
  number          = {},
  title           = {world-models},
  volume          = {},
  year            = {},
  url             = {https://github.com/ctallec/world-models.git},
}