@misc{peng2020learning,
      title={Learning Agile Robotic Locomotion Skills by Imitating Animals}, 
      author={Xue Bin Peng and Erwin Coumans and Tingnan Zhang and Tsang-Wei Lee and Jie Tan and Sergey Levine},
      year={2020},
      eprint={2004.00784},
      archivePrefix={arXiv},
      primaryClass={cs.RO}
}